@article{higgs1964boson,
    title = {Broken symmetries and the masses of gauge bosons},
    volume = {13},
    pages = {508},
    number = {16},
    journaltitle = {Physical Review Letters},
    shortjournal = {Phys. Rev. Lett.},
    author = {Higgs, P W},
    date = {1964},
    note = {Publisher: {APS}},
}